@article{Kirkwood34,
	Author = {J. G. Kirkwood},
	Journal = {Journal of Chemical Physics},
	Pages = {351},
	Title = {Theory of Solutions of Molecules Containing Widely Separated Charges with Special Application to Zwitterions},
	Volume = {2},
	Year = {1934}}

@article{Xue11,
author = {C. Xue and S. Deng},
title = {Three-layer dielectric models for generalized Coulomb potential calculation in ellipsoidal geometry},
journal = {Physical Revie
@article{Romain2001,
author = {Romain, Garmier and Jean-pierre, Barriot},
file = {:Users/knepley/Documents/Mendeley Desktop/Celestial Mechanics and Dynamical Astronomy/2001/Ellipsoidal Harmonic Expansions of the Gravitational Potential Theory and Application - Romain, Jean-pierre - 2001.pdf:pdf},
journal = {Celestial Mechanics and Dynamical Astronomy},
keywords = {divergence,e,ellipsoidal harmonic,gravitational potential,lam,s function,small bodies},
pages = {235--275},
title = {{Ellipsoidal Harmonic Expansions of the Gravitational Potential: Theory and Application}},
volume = {79},
year = {2001}
}

@article{Sten2006,
author = {Sten, J},
doi = {10.1016/j.elstat.2005.11.002},
file = {:Users/knepley/Documents/Mendeley Desktop/Journal of Electrostatics/2006/Ellipsoidal harmonics and their application in electrostatics - Sten - 2006.pdf:pdf},
issn = {03043886},
journal = {Journal of Electrostatics},
keywords = {capacitance,ellipsodial harmonics,ellipsodial particles,polarizability},
month = sep,
number = {10},
pages = {647--654},
title = {{Ellipsoidal harmonics and their application in electrostatics}},
url = {http://linkinghub.elsevier.com/retrieve/pii/S0304388605002627},
volume = {64},
year = {2006}
}
